

@misc{SpringBootIntro,
  title = {What is Java Spring Boot?},
  url = {https://www.ibm.com/cloud/learn/java-spring-boot},
}
@misc{GraphQLIntro,
  title = {GraphQL Java basics},
  url = {https://dzone.com/articles/a-beginners-guide-to-graphql-with-spring-boot},
}