@misc{SpeechRecognitionDef,
  title = {What is Speech recognition?},
  url = {https://en.wikipedia.org/wiki/Speech_recognition},
}
@misc{SentimentAnalysisDef,
  title = {What is Sentiment Analysis?},
  url = {https://en.wikipedia.org/wiki/Sentiment_analysis},
}

@misc{MultiThreadingDef,
  title = {What is multi - threading?},
  url = {https://en.wikipedia.org/wiki/Multithreading_(computer_architecture)},
}